%% H/T to: https://www.doi2bib.org
@article{Ogita2005,
  doi = {10.1137/030601818},
  url = {https://doi.org/10.1137/030601818},
  year = {2005},
  month = {Jan},
  publisher = {Society for Industrial {\&} Applied Mathematics ({SIAM})},
  volume = {26},
  number = {6},
  pages = {1955--1988},
  author = {Takeshi Ogita and Siegfried M. Rump and Shin{\textquotesingle}ichi Oishi},
  title = {Accurate {S}um and {D}ot {P}roduct},
  journal = {{SIAM} Journal on Scientific Computing}
}
@article{Graillat2009,
  doi = {10.1007/bf03186531},
  url = {https://doi.org/10.1007/bf03186531},
  year = {2009},
  month = {Oct},
  publisher = {Springer Nature},
  volume = {26},
  number = {2-3},
  pages = {191--214},
  author = {Stef Graillat and Philippe Langlois and Nicolas Louvet},
  title = {Algorithms for accurate, validated and fast polynomial evaluation},
  journal = {Japan Journal of Industrial and Applied Mathematics}
}
@article{Jiang2010,
  doi = {10.1016/j.camwa.2010.05.021},
  url = {https://doi.org/10.1016/j.camwa.2010.05.021},
  year = {2010},
  month = {Aug},
  publisher = {Elsevier {BV}},
  volume = {60},
  number = {3},
  pages = {744--755},
  author = {Hao Jiang and Shengguo Li and Lizhi Cheng and Fang Su},
  title = {Accurate evaluation of a polynomial and its derivative in {B}ernstein form},
  journal = {Computers {\&} Mathematics with Applications}
}
@article{Delgado2015,
  doi = {10.1016/j.amc.2015.08.086},
  url = {https://doi.org/10.1016/j.amc.2015.08.086},
  year = {2015},
  month = {Nov},
  publisher = {Elsevier {BV}},
  volume = {271},
  pages = {113--122},
  author = {Jorge Delgado and J.M. Pe{\~{n}}a},
  title = {Accurate evaluation of {B}{\'{e}}zier curves and surfaces and the {B}ernstein-{F}ourier algorithm},
  journal = {Applied Mathematics and Computation}
}
@article{Mainar2005,
  doi = {10.1007/s00607-005-0149-8},
  url = {https://doi.org/10.1007/s00607-005-0149-8},
  year = {2005},
  month = {Dec},
  publisher = {Springer Nature},
  volume = {77},
  number = {1},
  pages = {97--111},
  author = {E. Mainar and J. M. Pe{\~{n}}a},
  title = {Running {E}rror {A}nalysis of {E}valuation {A}lgorithms for {B}ivariate {P}olynomials in {B}arycentric {B}ernstein {F}orm},
  journal = {Computing}
}
@article{Mainar1999,
  doi = {10.1023/a:1019190220312},
  url = {https://doi.org/10.1023/a:1019190220312},
  year = {1999},
  publisher = {Springer Nature},
  volume = {22},
  number = {1},
  pages = {41--52},
  author = {E. Mainar and J.M. Pe{\~{n}}a},
  title = {Error analysis of corner cutting algorithms},
  journal = {Numerical Algorithms}
}
@book{Higham2002,
  doi = {10.1137/1.9780898718027},
  url = {https://doi.org/10.1137/1.9780898718027},
  year = {2002},
  month = {Jan},
  publisher = {Society for Industrial and Applied Mathematics},
  author = {Nicholas J. Higham},
  title = {Accuracy and Stability of Numerical Algorithms}
}
@article{Dekker1971,
  doi = {10.1007/bf01397083},
  url = {https://doi.org/10.1007/bf01397083},
  year = {1971},
  month = {Jun},
  publisher = {Springer Nature},
  volume = {18},
  number = {3},
  pages = {224--242},
  author = {T. J. Dekker},
  title = {A floating-point technique for extending the available precision},
  journal = {Numerische Mathematik}
}
@article{Farouki1987,
  doi = {10.1016/0167-8396(87)90012-4},
  url = {https://dx.doi.org/10.1016/0167-8396(87)90012-4},
  year = {1987},
  month = {Nov},
  publisher = {Elsevier {BV}},
  volume = {4},
  number = {3},
  pages = {191--216},
  author = {R.T. Farouki and V.T. Rajan},
  title = {On the numerical condition of polynomials in {B}ernstein form},
  journal = {Computer Aided Geometric Design}
}
%% Via http://drops.dagstuhl.de/opus/volltexte/2006/442/
@InProceedings{langlois_et_al:DSP:2006:442,
  author = {Philippe Langlois and Stef Graillat and Nicolas Louvet},
  title = {Compensated {H}orner {S}cheme},
  booktitle = {Algebraic and Numerical Algorithms and Computer-assisted Proofs},
  year = {2006},
  editor = {Bruno Buchberger and Shin{\textquotesingle}ichi Oishi and Michael Plum and Sigfried M. Rump},
  number = {05391},
  pages = {1--29},
  series = {Dagstuhl Seminar Proceedings},
  ISSN = {1862-4405},
  publisher = {Internationales Begegnungs- und Forschungszentrum f{\"u}r Informatik (IBFI), Schloss Dagstuhl, Germany},
  address = {Dagstuhl, Germany},
  url = {http://drops.dagstuhl.de/opus/volltexte/2006/442},
  annote = {Keywords: Polynomial evaluation, Horner scheme, error-free transformation, floating point arithmetic, accuracy}
}
%% Via ISBN
@book{Knuth1969,
  author = {Donald E. Knuth},
  title = {The Art of Computer Programming, Volume 2: Seminumerical Algorithms},
  publisher = {Addison Wesley},
  year = {1969},
  isbn = {0201038021},
}
@inproceedings{Babuska1968,
  title = {Numerical stability in mathematical analysis},
  author = {Ivo Babu\v{s}ka},
  booktitle = {Information Processing 68: Proceedings of IFIP Congress 1968},
  pages = {11--23},
  year = {1968},
  publisher = {North-Holland},
  isbn = {9780720420326},
  lccn = {76462349},
}
@misc{KCompensatedGitHub,
  doi = {10.5281/zenodo.1405259},
  url = {https://zenodo.org/record/1405259},
  author = {Danny Hermes},
  title = {dhermes/k-compensated-de-casteljau: 2018.08.28},
  publisher = {Zenodo},
  year = {2018}
}
@article{Barrio2018,
  doi = {10.1016/j.cpc.2018.05.004},
  url = {https://doi.org/10.1016/j.cpc.2018.05.004},
  year  = {2018},
  month = {Oct},
  publisher = {Elsevier {BV}},
  volume = {231},
  pages = {146--162},
  author = {Roberto Barrio and Peibing Du and Hao Jiang and Sergio Serrano},
  title = {{ORTHOPOLY}: A library for accurate evaluation of series of classical orthogonal polynomials and their derivatives},
  journal = {Computer Physics Communications}
}
@article{Hermes2019,
  doi = {10.1016/j.amc.2019.03.047},
  url = {https://doi.org/10.1016/j.amc.2019.03.047},
  year = {2019},
  month = {Sep},
  publisher = {Elsevier {BV}},
  volume = {357},
  pages = {57--74},
  author = {Danny Hermes},
  title = {Compensated de Casteljau algorithm in $K$ times the working precision},
  journal = {Applied Mathematics and Computation}
}
